@inproceedings{chenAlphaaluminaMoistureSensor1992,
  title = {An Alpha-Alumina Moisture Sensor for Relative and Absolute Humidity Measurement},
  booktitle = {Conference {{Record}} of the 1992 {{IEEE Industry Applications Society Annual Meeting}}},
  author = {Chen, Zhi and Jin, Mao-Chang},
  date = {1992},
  pages = {1668--1675},
  publisher = {IEEE},
  location = {Houston, TX, USA},
  doi = {10.1109/IAS.1992.244236},
  url = {http://ieeexplore.ieee.org/document/244236/},
  urldate = {2024-03-15},
  eventtitle = {Conference {{Record}} of the 1992 {{IEEE Industry Applications Society Annual Meeting}}},
  isbn = {978-0-7803-0635-6}
}

@inproceedings{tavenerPlatinumResistanceThermometers2013,
  title = {Platinum Resistance Thermometers Stable to ±0.001°{{C}} per Year},
  author = {Tavener, J. P. and Davies, N.},
  date = {2013},
  pages = {414--416},
  location = {Los Angeles, California, USA},
  doi = {10.1063/1.4819576},
  url = {https://pubs.aip.org/aip/acp/article/1552/1/414-416/878922},
  urldate = {2024-03-15},
  eventtitle = {{{TEMPERATURE}}: {{ITS MEASUREMENT AND CONTROL IN SCIENCE AND INDUSTRY}}, {{VOLUME}} 8: {{Proceedings}} of the {{Ninth International Temperature Symposium}}}
}
