@article{dierckxAlgorithmSmoothingDifferentiation1975,
  title = {An Algorithm for Smoothing, Differentiation and Integration of Experimental Data Using Spline Functions},
  author = {Dierckx, P.},
  date = {1975-09-01},
  journaltitle = {Journal of Computational and Applied Mathematics},
  shortjournal = {Journal of Computational and Applied Mathematics},
  volume = {1},
  number = {3},
  pages = {165--184},
  issn = {0377-0427},
  doi = {10.1016/0771-050X(75)90034-0},
  url = {https://www.sciencedirect.com/science/article/pii/0771050X75900340},
  urldate = {2024-03-09},
  abstract = {This paper presents an algorithm for fitting a smoothing spline function to a set of experimental or tabulated data. The obtained spline approximation can be used for differentiation and integration of the given discrete function. Because of the ease of computation and the good conditioning properties we use normalised B-splines to represent the smoothing spline. A Fortran implementation of the algorithm is given.},
  file = {C\:\\Users\\malte\\Zotero\\storage\\S4VAR9UA\\Dierckx - 1975 - An algorithm for smoothing, differentiation and integration of experimental data using spline functi.pdf;C\:\\Users\\malte\\Zotero\\storage\\8Z7HYEL9\\0771050X75900340.html}
}

@online{NumericalDifferentiationIts,
  title = {Numerical Differentiation and Its Applications},
  doi = {10.1080/17415970600839093},
  url = {https://www.tandfonline.com/doi/epdf/10.1080/17415970600839093?needAccess=true},
  urldate = {2024-03-09},
  langid = {english},
  file = {C:\Users\malte\Zotero\storage\SCECRGAB\17415970600839093.html}
}

@online{ScipyInterpolateSplrep,
  title = {Scipy.Interpolate.Splrep â€” {{SciPy}} v1.12.0 {{Manual}}},
  url = {https://docs.scipy.org/doc/scipy/reference/generated/scipy.interpolate.splrep.html},
  urldate = {2024-03-09},
  file = {C:\Users\malte\Zotero\storage\326EYKVJ\scipy.interpolate.splrep.html}
}
